@article{scigen,
  author  = {Niklas Andersson and Niklas Andersson and Niklas Andersson and Niklas Andersson and Niklas Andersson},
  title   = {Evaluating E-Business and Gigabit Switches with Quint},
  journal = {Communications of the {ACM}},
  year    = {2007}
}

@article{test,
  author  = {Johnny Walker},
  title   = {On Whiskey},
  journal = {Communications of the {AA}},
  year    = {1999}
}

@inproceedings{twitter_mining,
  author  = {Pak, Alexander and Paroubek, Patrick},
  year    = {2010},
  month   = {01},
  pages   = {},
  title   = {Twitter as a Corpus for Sentiment Analysis and Opinion Mining},
  volume  = {10},
  journal = {Proceedings of LREC}
}

@article{steam_reviews,
  author  = {Lin, Dayi and Bezemer, Cor-Paul and Zou, Ying and Hassan, Ahmed E.},
  year    = {2019},
  month   = {02},
  pages   = {},
  title   = {An Empirical Study of Game Reviews on the Steam Platform},
  volume  = {24},
  journal = {Empirical Software Engineering},
  doi     = {10.1007/s10664-018-9627-4}
}

@misc{kickstarter,
  title   = {Wolcen: Lords of Mayhem},
  url     = {https://www.kickstarter.com/projects/wolcenstudio/umbra/description},
  journal = {Kickstarter}
}

@misc{wolcen,
  title   = {Wolcen: Lords of Mayhem},
  url     = {https://store.steampowered.com/app/424370/Wolcen_Lords_of_Mayhem/},
  journal = {Wolcen: Lords of Mayhem on Steam}
}

@misc{steamworks,
  title   = {User Reviews - Get List (Steamworks Documentation)},
  url     = {https://partner.steamgames.com/doc/store/getreviews},
  journal = {Steamworks}
}

@misc{apacheparquet,
  url     = {https://parquet.apache.org/},
  journal = {Apache Parquet}
}

@misc{repostitory,
  title   = {MiniDlicious/temporalsentimentproject},
  url     = {https://github.com/MiniDlicious/temporalsentimentproject},
  journal = {GitHub},
  author  = {MiniDlicious}
}

@misc{steamapi,
  title   = {steam web api terms of use},
  url     = {https://steamcommunity.com/dev/apiterms},
  journal = {Steam Community :: Steam Web API Terms of Use}
}